\begin{thebibliography}{}

@book{Cassany98,
  title={La cocina de la Escritura},
  author={Cassany,D.},
  year={1998},
  publisher={Barcelona,España,Anagrama}
}

@book{Cassany08,
  title={Prácticas letradas contemporáneas},
  author={Cassany,D.},
  year={2008},
  publisher={DF,México,Ríos de tinta}
}

@book{Cassany09,
  title={Ṕara ser letrados .Voces y miradas sobre la lectura },
  author={Cassany,D.},
  year={1998},
  publisher={Barcelona,España,Paidós}
}


@book{Cordova09,
  title={Universidad y diversidad :Prácticas argumentativas y participación},
  author={Cordova,P.},
  year={2009},
  publisher={Lima,UPC}
}


@book{Diaz02,
  title={La argumentación escrita},
  author={Díaz,A.},
  year={2002},
  publisher={Medellin,Universidad de Antioquía}
}

@book{Serafini96,
  title={Cómo se escribe},
  author={Serafani,M,T.},
  year={1996},
  publisher={Barcelona,Paidós}
}

@book{Serafini95,
  title={Como redactar un tema},
  author={Serafani,M,T.},
  year={1995},
  publisher={Barcelona ,Paidós}
}

@book{Toulmin07,
  title={Los usos de la Argumentación},
  author={Toulmin,S.},
  year={2007},
  publisher={Barcelona ,Península}
}


\end{thebibliography}
