\begin{thebibliography}{}

@book{Fitzpatrick13,
  title={The Mom Test: How to talk to customers \& learn if your business is a good idea when everyone is lying to you},
  author={Fitzpatrick1,R.},
  year={2013},
}

@book{Osterwalder10,
  title={Business Model Generation},
  author={Osterwalder,A. and Pigneur,Y.},
  year={2010},
}

@book{Osterwalder14,
  title={Value Preposition Desing:How to create products and services customers want},
  author={Osterwalder,A. and Pigneur,Y.},
  year={2014},
}

@book{Maurya12,
  title={Running lean:Iterate from plan A to plan that works},
  author={Maurya,A.},
  year={2012},
   publisher={Sebastopol}
}


\end{thebibliography}
