\begin{thebibliography}{}


@Book{Lessig15,
 title = {Our democracy no longer represents the people. Here's how we fix it },
 year = {2015},
 author = {Larry ,Lessig.},
 url = {https://www.youtube.com/watch?v=PJy8vTu66tE},

}
@Book{Ashdown14,
 title = {Why democracy is failing },
 year = {2014},
 author = {Paddy ,Ashdown.},
 url = {https://www.youtube.com/watch?v=TABVtTnBQA8},

}
\end{thebibliography}
