@book{Cormen2009,
  author = {T. H. Cormen and C. E. Leiserson and R. L. Rivest and C. Stein},
  publisher = {MIT Press},
  title = {Introduction to Algorithms},
  year = 2009
}




@book{Steven09,
  author = {Steven Halim},
  publisher = {Lulu},
  title = {Competitive Programming},
  year = 2013
  edition =  {3 rd}
}

@book{Kulikov09,
  author = {Alexander S. Kulikov},
  publisher = {Active Learning Technologies},
  title = {Learning Algorithms Through Programming and Puzzle Solving},
  year = 2019
}
