% Responsable   : Luis DÃ­az Basurco
% BibbliografÃ­a : AnÃ¡lisis NumÃ©rico
% VersiÃ³n       : 1

@BOOK{Zill02,
  AUTHOR =       "Dennis G. Zill",
  TITLE =        "Ecuaciones Diferenciales con Problemas de Valores en la Frontera",
  PUBLISHER =    "Thomson Learning",
  YEAR =         "2002",
  ISBN =         "970-686-133-5",
  }

@BOOK{Kinkaid94,
  AUTHOR =       "David Kincaid, Ward Cheney",
  TITLE =        "AnÃ¡lisis NumÃ©rico",
  PUBLISHER =    "Addison Wesley Iberoamericana",
  YEAR =         "1994",
  ISBN =         "0-201-60130-13",
  }

@BOOK{Burden02,
  AUTHOR =       "Richard L. Burden , J. Douglas Faires",
  TITLE =        "AnÃ¡lisis NumÃ©rico",
  PUBLISHER =    "Thomson Learning",
  YEAR =         "2002",
  ISBN =         "0-534-38216-9",
}
 @BOOK{Chapra88,
  AUTHOR =       "Steven C. Chapra , Raymond P. Canale",
  TITLE =        "MÃ©todos NumÃ©ricos para Ingenieros McGraw",
  PUBLISHER =    "MacGraw Hill",
  YEAR =         "1988",
  ISBN =         "968-451-847-1",
}

