% Responsable   :
% BibbliografÃ­a : CÃ¡lculo Diferencial
% VersiÃ³n       : 1
\begin{thebibliography}{}

@BOOK{Hasser97,
  AUTHOR =       "Hasser and La Salle and Sulivan",
  TITLE =        "AnÃ¡lisis MatemÃ¡tico",
  PUBLISHER =    "Editorial Trillas, MÃ©xico",
  YEAR =         "1997",
  ISBN =	     " ",
  volume = "1"
}

@BOOK{Spivak96,
  AUTHOR =       "Michael Spivak",
  TITLE =        "Calculo Diferencial",
  PUBLISHER =    "Editorial RevertÃ©, MÃ©xico",
  YEAR =         "1996",
  ISBN =         " "
  }

@BOOK{Helfgott89,
  AUTHOR =       "Michel Helfgott and TÃ³mas NÃºÃ±ez",
  TITLE =        "CÃ¡lculo Diferencial",
  PUBLISHER =    "Editorial Hozlo, Lima",
  YEAR =         "1989",
  ISBN =         " "
  }

@BOOK{Bartle90,
  AUTHOR =       "R. Bartle and D. Sherbert",
  TITLE =        "IntroducciÃ³n al AnÃ¡lisis MatemÃ¡tico",
  PUBLISHER =    "Editorial Limusa, MÃ©xico",
  YEAR =         "1990",
  ISBN =	     " "
}


@BOOK{Leithold82,
  AUTHOR =       "Louis Leithold",
  TITLE =        "El CÃ¡lculo",
  PUBLISHER =    "Editorial Harla, MÃ©xico",
  YEAR =         "1982",
  ISBN =         " "
  }

@BOOK{Edwards96,
  AUTHOR    = "C. H. Edwards and D. E. Penney",
  TITLE     = "CÃ¡lculo infinitesimal y GeometrÃ­a AnalÃ­tica ",
  PUBLISHER = "Prentice Hall, HispanoamÃ©rica S.A.",
  YEAR = 	  "1996",
  ISBN = 	  " "
 }

 @BOOK{Stewart99,
  AUTHOR =       "James Stewart",
  TITLE =        "CÃ¡lculo, Conceptos y contextos",
  PUBLISHER =    "International Thomson Editores",
  YEAR =         "1999",
  ISBN =	     " "
}

\end{thebibliography}