% Responsable  : Luis DÃ­az Basurco
% BibliografÃ­a : AnÃ¡lisis matemÃ¡tico III
% VersiÃ³n      : 1

@BOOK{Apostol73,
  AUTHOR =       "Tom M ApÃ³stol",
  TITLE =        "Calculus",
  PUBLISHER =    "Editorial RevertÃ©",
  YEAR =         "1973",
  VOLUME =         "II",
}

@BOOK{Simmons95,
  AUTHOR =       {George F Simmons},
  TITLE =        {Calculus With Analytic Geometry },
  PUBLISHER =    {McGraw-Hill Science/Engineering},
  YEAR =         {1995},
  ISBN =         {0070576424},
  }

@BOOK{Bartle76,
  AUTHOR =       {Robert G. Bartle},
  TITLE =        {The Elements of Real Analysis},
  PUBLISHER =    {Wiley; 2 edition},
  YEAR =         {1976},
  ISBN =         {047105464X},
}

