% Responsable   :
% BibbliografÃ­a : CÃ¡lculo Vectorial I
% VersiÃ³n       : 1
\begin{thebibliography}{}

@BOOK{Hasser97,
  AUTHOR =       "Hasserand La Salle and Sullivan ",
  TITLE =        "AnÃ¡lisis MatemÃ¡tico",
  PUBLISHER =    "Editorial Trillas, MÃ©xico",
  YEAR =         "1997",
  ISBN =	     " ",
  volume = "1"
}

@BOOK{Burgos94,
  AUTHOR =       "J. de Burgos",
  TITLE =        "Ãlgebra Lineal",
  PUBLISHER =    "Ed. MacGraw-Hill",
  YEAR =         "1994",
  ISBN =         " "
  }

@BOOK{Venero94,
  AUTHOR =       "Armando Venero",
  TITLE =        "MatemÃ¡ticas BÃ¡sicas I",
  PUBLISHER =    "Facultad de Ciencias - UNI, Lima",
  YEAR =         "1994",
  ISBN =         " "
  }

@BOOK{Granero85,
  AUTHOR =       "Francisco Granero RodrÃ­guez",
  TITLE =        "Ãlgebra y GeometrÃ­a AnalÃ­tica",
  PUBLISHER =    "Editorial Mc Graw Hill. EspaÃ±a",
  YEAR =         "1985",
  ISBN =         " "
  }

@BOOK{Edwards96,
  AUTHOR    = "C. H. Edwards and D. E. Penney",
  TITLE     = "CÃ¡lculo infinitesimal y GeometrÃ­a AnalÃ­tica ",
  PUBLISHER = "Prentice Hall, HispanoamÃ©rica S.A.",
  YEAR = 	  "1996",
  ISBN = 	  " "
 }

\end{thebibliography}