% Responsable   :
% BibbliografÃ­a : CÃ¡lculo Vectorial II
% VersiÃ³n       : 1
\begin{thebibliography}{}

@BOOK{Hasser97,
  AUTHOR =       "Hasser and La Salle and Sullivan ",
  TITLE =        "AnÃ¡lisis MatemÃ¡tico",
  PUBLISHER =    "Editorial Trillas, MÃ©xico",
  YEAR =         "1997",
  ISBN =	     " ",
  volume = "2"
}

@BOOK{Burgos08,
  AUTHOR =       "Juan de Burgos",
  TITLE =        "Ãlgebra Lineal",
  PUBLISHER =    "Ed. Mc Graw Hill",
  YEAR =         "2008",
  ISBN =	     " "
}

@BOOK{Anton,
  AUTHOR =       "Howard Anton",
  TITLE =        "IntroducciÃ³n al Ãlgebra Lineal",
  PUBLISHER =    "Editorial Limusa S.A.",
  ISBN =	 "9681863178",
  volume = "1"
}

@BOOK{Granero85,
  AUTHOR    = "Francisco Granero RodrÃ­guez",
  TITLE     = "Ãlgebra y geometrÃ­a analÃ­tica",
  PUBLISHER = "Editorial Mc Graw Hill. EspaÃ±a",
  YEAR =      "1985",
  ISBN =      "9788476150290"
 }

@BOOK{Saal84,
  AUTHOR =       "C. Saal and P. Campos and J. Aznaran",
  TITLE =        "MatemÃ¡ticas BÃ¡sicas II",
  PUBLISHER =    "Editorial UNI",
  YEAR =         "1984"
  }
	
\end{thebibliography}