%Calculo Diferencial e Integral Avanzado
\begin{thebibliography}{}

@BOOK{Hasser97,
  AUTHOR =       "Hasser and La Salle and Sullivan ",
  TITLE =        "AnÃ¡lisis MatemÃ¡tico",
  PUBLISHER =    "Editorial Trillas, MÃ©xico",
  YEAR =         "1997",
  ISBN =	     " ",
  volume = "2"
}

@BOOK{Apostol70,
  AUTHOR =       "Tom Apostol",
  TITLE =        "Calculus",
  PUBLISHER =    "Editorial RevertÃ©, MÃ©xico",
  YEAR =         "1970",
  ISBN =	     " ",
  volume = "1"
}

@BOOK{Moya92,
  AUTHOR =       "Murray H. Protter",
  TITLE =        "AnÃ¡lisis MatemÃ¡tico",
  PUBLISHER =    "Editorial San Marcos, Lima, PerÃº",
  YEAR =         "1992"
}

@BOOK{Venero94,
  AUTHOR =       "Armando Venero",
  TITLE =        "MatemÃ¡ticas III",
  PUBLISHER =    "Facultad de Ciencias - UNI, Lima",
  YEAR =         "1994",
  ISBN =         " "
  }

\end{thebibliography}