@book{Cormen2009,
  author = {T. H. Cormen and C. E. Leiserson and R. L. Rivest and C. Stein},
  publisher = {MIT Press},
  title = {Introduction to Algorithms},
  year = {2009},
}

@book{Steven09,
  author = {Steven Halim},
  publisher = {Lulu},
  title = {Competitive Programming},
  year = {2013},
  edition =  {3 rd}
}

@book{Kulikov09,
  author = {Alexander S. Kulikov},
  publisher = {Active Learning Technologies},
  title = {Learning Algorithms Through Programming and Puzzle Solving},
  year = {2019},
}

@Book{SkienaRevilla:PC:2003,
 title = {Programming Challenges: The Programming Contest Training Manual},
 publisher = {Springer},
 year = {2003},
 author = {Miguel A. Revilla, Steve Skiena},
 ALTeditor = {},
 OPTkey = {},
 OPTvolume = {},
 OPTnumber = {},
 OPTseries = {},
 OPTaddress = {},
 OPTedition = {},
 month = {May},
 OPTnote = {},
 OPTannote = {},
 OPTurl = {},
 OPTurldate = {},
 OPTlastchecked = {},
 OPTdoi = {},
 isbn = {978-0387001630},
 OPTissn = {},
 OPTlocalfile = {},
 OPTabstract = {},
 OPTkeywords = {},
}
