@Book{Johnsonbaugh99,
author    = {Richard Johnsonbaugh},
ALTeditor = {},
title = {MatemÃ¡ticas Discretas},
publisher = {Prentice Hall, MÃ©xico},
year = {1999},
OPTkey = {},
OPTvolume = {},
OPTnumber = {},
OPTseries = {},
OPTaddress = {},
OPTedition = {},
OPTmonth = {},
OPTnote = {},
OPTannote = {}
}
@BOOK{Grimaldi97,
  AUTHOR =       "R. Grimaldi",
  TITLE =        "MatemÃ¡ticas Discretas y Combinatoria",
  PUBLISHER =    "Addison Wesley Iberoamericana",
  YEAR =         "1997",
  ISBN =	 " "
 }

@BOOK{Grassmann97,
  AUTHOR =       "W. Grassmann and J. Tremblay",
  TITLE =        "MatemÃ¡tica Discreta y LÃ³gica",
  PUBLISHER =    "Prentice Hall",
  YEAR =         "1997",
  ISBN =	 " "
}
 @BOOK{Ruiz04,
  AUTHOR =       "Blas C. Ruiz and Francisco GutiÃ©rrez and Pablo Guerrero and JosÃ© Gallardo",
  TITLE =        "Razonando con Haskell",
  PUBLISHER =    "Thomson",
  YEAR =         "2004",
  ISBN =	 " "
}
@BOOK{Gersting87,
  AUTHOR =       "J. Gersting",
  TITLE =        "Fundamentos MatemÃ¡ticos para a CiÃªncia da Computa\c c\~ao",
  PUBLISHER =    "ABDR",
  YEAR =         "1987",
  ISBN =	 " "
  }



@BOOK{Kolman97,
  AUTHOR =       "Kolman, Busby, Ross",
  TITLE =        "Estructuras de MatemÃ¡ticas Discretas para la ComputaciÃ³n",
  PUBLISHER =    "Prentice Hall",
  YEAR =         "1997",
  ISBN =	 " "
  }
@BOOK{Bird00,
  AUTHOR =       "R. Bird",
  TITLE =        "ProgramaciÃ³n Funcional en Haskell",
  PUBLISHER =    "Prentice Hall",
  YEAR =         "2000",
  ISBN =	 " "
}
 @BOOK{Tucker03,
  AUTHOR =       "A. Tucker, R. Noonan",
  TITLE =        "Lenguajes de ProgramaciÃ³n",
  PUBLISHER =    "Mc Graw Hill",
  YEAR =         "2003",
  ISBN =	 " "
}
@BOOK{Thompson99,
  AUTHOR =       "Simon Thompson",
  TITLE =        "The Craft of Functional Programming",
  PUBLISHER =    "Pearson",
  YEAR =         "1999",
  ISBN =	 " "
  }
@BOOK{Brookshear93,
  AUTHOR =       "J. Glenn Brookshear",
  TITLE =        "TeorÃ­a de la ComputaciÃ³n",
  PUBLISHER =    "Addison Wesley Iberoamericana",
  YEAR =         "1993",
  ISBN =	 " "
  }
@BOOK{Kelley95,
  AUTHOR =       "Dean Kelley",
  TITLE =        "TeorÃ­a de AutÃ³matas y Lenguajes Formales",
  PUBLISHER =    "Prentice Hall",
  YEAR =         "1995",
  ISBN =	 " "
}
 @BOOK{Hopcroft93,
  AUTHOR =       "John E. Hopcroft and Jeffrey D. Ullman",
  TITLE =        "IntroducciÃ³n a la TeorÃ­a de AutÃ³matas, Lenguajes y ComputaciÃ³n",
  PUBLISHER =    "CECSA",
  YEAR =         "1993",
  ISBN =	 " "
}
 @BOOK{Isasi97,
  AUTHOR =       "P. Isasi and P. MartÃ­nez and D. Borrajo",
  TITLE =        "Lenguajes, GramÃ¡ticas y AutÃ³matas",
  PUBLISHER =    "Addison Wesley",
  YEAR =         "1997",
  ISBN =	 " "
}
@BOOK{Martin03,
  AUTHOR =       "John Martin ",
  TITLE =        "MatemÃ¡ticas Discretas  ",
  PUBLISHER =    "Mc Graw Hill ",
  YEAR =         "2003",
  ISBN =	 " "
}
 @BOOK{Scheinerman01,
  AUTHOR =       "Edward R. Scheinerman",
  TITLE =        "IntroducciÃ³n a la TeorÃ­a de AutÃ³matas, Lenguajes y ComputaciÃ³n",
  PUBLISHER =    "Thomson Learning ",
  YEAR =         "2001",
  ISBN =	 " "
}
 
@BOOK{Paniagua03,
  AUTHOR =       "Enrique Paniagua ArÃ­s and Juan Luis SÃ¡nchez GonzÃ¡lez and Fernando MartÃ­n Rubio",
  TITLE =        "LÃ³gica Computacional ",
  PUBLISHER =    "Thomson",
  YEAR =         "2003",
  ISBN =	 " "
}
@Book{Brassard97,
AUTHOR = 	 "Gilles Brassard and Paul Bratley",
TITLE = 	 "Fundamentos de Algoritmia",
PUBLISHER = 	 "Prentice Hall",
YEAR = 		 "1997",
ISBN =		 " "
}
@Book{Micha98,
AUTHOR=		"Elias Micha",
TITLE=		"MatemÃ¡ticas Discretas",
PUBLISHER = 	"Limusa",
YEAR = 		"1998"
}

@Book{Rosen2004,
AUTHOR=		"Kenneth H. Rosen",
TITLE=		"MatemÃ¡tica Discreta y sus Aplicaciones",
PUBLISHER = 	"McGraw Hill",
YEAR = 		"2004"
}
@Book{Iranzo05,
AUTHOR=		"Pascual JuliÃ¡n Iranzo",
TITLE=		"LÃ³gica simbÃ³lica para informÃ¡ticos",
PUBLISHER = 	"Rama",
YEAR = 		"2005"
}
@Book{Lloyd93,
AUTHOR=		"J. W. Lloyd",
TITLE=		"Foundations of Logic Programming",
PUBLISHER = 	"Springer.",
YEAR = 		"1993"
}
@Book{Bratko91,
AUTHOR=		"I. Bratko",
TITLE=		"Prolog. Programming for artificial intelligence",
PUBLISHER = 	"Addison Wesley",
YEAR = 		"1991"
}
@Book{Fernandez03,
AUTHOR=		"G. FernÃ¡ndez and F. SÃ¡ez",
TITLE=		"Fundamentos de InformÃ¡tica: LÃ³gica, AutÃ³matas y Lenguajes",
PUBLISHER = 	"Anaya Multimedia",
YEAR = 		"2003"
}
@Book{Klir95,
AUTHOR=		"J. G. Klir and T. A.Folger",
TITLE=		"Fuzzy sets, uncertainty and information",
PUBLISHER = 	"Prentice-Hall",
YEAR = 		"1995"
}

