@BOOK{Kolman97,
  AUTHOR =       "Kolman, Busby, Ross",
  TITLE =        "Estructuras de MatemÃ¡ticas Discretas para la ComputaciÃ³n",
  PUBLISHER =    "Prentice Hall",
  YEAR =         "1997",
  ISBN =	 " "
  }

@BOOK{Kelley95,
  AUTHOR =       "Dean Kelley",
  TITLE =        "TeorÃ­a de AutÃ³matas y Lenguajes Formales",
  PUBLISHER =    "Prentice Hall",
  YEAR =         "1995",
  ISBN =	 " "
}
 @BOOK{Hopcroft93,
  AUTHOR =       "John E. Hopcroft and Jeffrey D. Ullman",
  TITLE =        "IntroducciÃ³n a la TeorÃ­a de AutÃ³matas, Lenguajes y ComputaciÃ³n",
  PUBLISHER =    "CECSA",
  YEAR =         "1993",
  ISBN =	 " "
}
@BOOK{Brookshear93,
  AUTHOR =       "J. Glenn Brookshear",
  TITLE =        "TeorÃ­a de la ComputaciÃ³n",
  PUBLISHER =    "Addison Wesley Iberoamericana",
  YEAR =         "1993",
  ISBN =	 " "
  }
