

@BooK{Stewart,
title = {Calculus},
publisher = {xyz},
author = {James Stewart},
year = {2012},
edition  = {7th},
}

@BooK{DennisZ,
title = {Differential equations with Boundary value problems},
publisher = {xyz},
author = {Dennis G. Zill},
year = {2013},
edition  = {8th},
}
