\begin{thebibliography}{}

@book{Cassany93,
  title={La cocina de la Escritura},
  author={Cassany,D.},
  year={1993},
  publisher={Barcelona,España,Anagrama}
}

@book{Cassany96,
  title={Reparar la escritura :didáctica de la corrección de lo escrito},
  author={Cassany,D.},
  year={1996},
  publisher={Barcelona,España,Graó}
}

@book{Moliner98,
  title={Diccionario de uso del español moderno},
  author={Moliner,M.},
  year={1998},
  publisher={Madrid,España,Gredos}
}

@book{Seco02,
  title={Diccionario de dudas y dificultades de la lengua española},
  author={Seco,M.},
  year={2002},
  publisher={Madrid,España,Gredos}
}

@book{Creme00,
  title={Escribir en la Universidad},
  author={Creme,P. and Lea,M.},
  year={2000},
  publisher={Barcelona,España,Gedisa}
}

@book{Perez04,
  title={Manual de gramática del castellano: variedad estándar y usos regionales},
  author={Pérez Silva , J. and K,Coral.},
  year={2004},
  publisher={Lima ,Perú ,Proeduca}
}


\end{thebibliography}
